<record><leader>00000cas a22000007a 4500</leader><controlfield tag="001">19816752</controlfield><controlfield tag="008">890605d19121915moudn ne      0    0eng d</controlfield><datafield ind1=" " ind2=" " tag="010"><subfield code="a">sn 89066158 </subfield></datafield><datafield ind1=" " ind2=" " tag="040"><subfield code="a">MQN</subfield><subfield code="b">eng</subfield><subfield code="c">MQN</subfield><subfield code="d">OCLCQ</subfield></datafield><datafield ind1=" " ind2=" " tag="042"><subfield code="a">msc</subfield></datafield><datafield ind1="0" ind2=" " tag="130"><subfield code="a">Evening tribune (Chillicothe, Mo.)</subfield></datafield><datafield ind1="1" ind2="4" tag="245"><subfield code="a">The evening tribune.</subfield></datafield><datafield ind1=" " ind2=" " tag="260"><subfield code="a">Chillicothe, Mo. :</subfield><subfield code="b">Chillicothe Pub. &amp; Print. Co.,</subfield><subfield code="c">1912-1915.</subfield></datafield><datafield ind1=" " ind2=" " tag="300"><subfield code="a">v.</subfield></datafield><datafield ind1=" " ind2=" " tag="310"><subfield code="a">Daily (except Sun.)</subfield></datafield><datafield ind1="0" ind2=" " tag="362"><subfield code="a">Vol. 32, no. 175 (July 27, 1912)-35th year, no. 257 (Oct. 29, 1915).</subfield></datafield><datafield ind1=" " ind2=" " tag="515"><subfield code="a">Numbering changed from vol. to year with 33rd year, no. 70 (Mar. 2, 1918).</subfield></datafield><datafield ind1=" " ind2="4" tag="651"><subfield code="a">Chillicothe (Mo.)</subfield><subfield code="v">Newspapers.</subfield></datafield><datafield ind1=" " ind2=" " tag="752"><subfield code="a">United States</subfield><subfield code="b">Missouri</subfield><subfield code="c">Livingston</subfield><subfield code="d">Chillicothe.</subfield></datafield><datafield ind1="0" ind2=" " tag="775"><subfield code="t">Weekly tribune (Chillicothe, Mo.)</subfield><subfield code="w">(DLC)sn 89066160</subfield></datafield><datafield ind1="0" ind2="0" tag="780"><subfield code="t">Chillicothe tribune (Chillicothe, Mo. : Daily ed.)</subfield><subfield code="w">(DLC)sn 89066157</subfield></datafield><datafield ind1="0" ind2="0" tag="785"><subfield code="t">Chillicothe daily tribune</subfield><subfield code="w">(DLC)sn 89066159</subfield></datafield><datafield ind1="1" ind2=" " tag="029"><subfield code="a">AU@</subfield><subfield code="b">000020550574</subfield></datafield></record>